@ARTICLE{HazeRemoval, 
author={K. He and J. Sun and X. Tang}, 
journal={IEEE Transactions on Pattern Analysis and Machine Intelligence}, 
title={Single Image Haze Removal Using Dark Channel Prior}, 
year={2011}, 
volume={33}, 
number={12}, 
pages={2341-2353}, 
keywords={image colour analysis;statistical analysis;color channel;dark channel prior;haze imaging model;hazy image;high quality depth map;high quality haze free image;outdoor haze free image;single image haze removal;Atmospheric modeling;Channel estimation;Image color analysis;Image restoration;Dehaze;defog;depth estimation.;image restoration}, 
doi={10.1109/TPAMI.2010.168}, 
ISSN={0162-8828}, 
month={Dec},}

@INPROCEEDINGS{matting, 
	author={A. Levin and D. Lischinski and Y. Weiss}, 
	booktitle={2006 IEEE Computer Society Conference on Computer Vision and Pattern Recognition (CVPR'06)}, 
	title={A Closed Form Solution to Natural Image Matting}, 
	year={2006}, 
	volume={1}, 
	number={}, 
	pages={61-68}, 
	keywords={Closed-form solution;Computer vision;Cost function;Equations;Image analysis;Image color analysis;Iterative methods;Linear systems;Pixel;Sparse matrices}, 
	doi={10.1109/CVPR.2006.18}, 
	ISSN={1063-6919}, 
	month={June},}

@ARTICLE{guided_filtering, 
	author={K. He and J. Sun and X. Tang}, 
	journal={IEEE Transactions on Pattern Analysis and Machine Intelligence}, 
	title={Guided Image Filtering}, 
	year={2013}, 
	volume={35}, 
	number={6}, 
	pages={1397-1409}, 
	keywords={Histograms;Image edge detection;Jacobian matrices;Joints;Kernel;Laplace equations;Smoothing methods;Edge-preserving filtering;bilateral filter;linear time filtering}, 
	doi={10.1109/TPAMI.2012.213}, 
	ISSN={0162-8828}, 
	month={June},}